% Encoding: UTF-8
% Einleitung

@misc{GrafanaLabs:Thresholds,
	author = {szymonzy1},
	title = {Config from query result - multiple thresholds},
	howpublished = {\url{https://community.grafana.com/t/config-from-query-result-multiple-thresholds/74798}},
	year = {Online; accessed 02.02.2023}
}